
@book{tooze21,
	author={Adam Tooze},
	title={Shutdown: How {COVID} {S}hook the {W}orld's Economy},
	publisher={Penguin Allen Lane },
	year={2021}
	}

@book{greenfeld06,
	author={Karl Taro Greenfeld},
	title={China Syndrome: The True Story of the 21st Century's First Great Epidemic},
	publisher={Harper Collins},
	year={2006}
	}

@book{fpp2,
	author={Rob Hyndman and George Athanasopoulos},
	title={Forecasting: {P}rinciples and {P}ractice},
	publisher={OTexts},
	edition={2},
	url={https://otexts.com/fpp2/},
	year={2018}
	}

@webpage{musk18,
	author = {Elon Musk},
	lastchecked = {22 November 2022},
	month = {November},
	year={2018},
	date={7 August 2018},
	title = {Am considering taking {T}esla private at \$420. {F}unding {S}ecured},
	url = {https://twitter.com/elonmusk/status/1026872652290379776}
	}

@book{tsay2010,
	author={Ruey S Tsay},
	title={Analysis of Financial Time Series},
	publisher={Wiley},
	year={2010}
	}

@article{fama1965b,
	author={Eugene Fama},
	title={Random walks in stock market prices},
	journal={Financial Analysts Journal},
	volume={21},
	pages={55-59},
	year={1965}
}

@article{waterscampbell18,
	author = {Richard Waters and Peter Campbell},
	journal = {The Financial Times},
	url= {https://www.ft.com/content/fbca8b7c-c293-11e8-8d55-54197280d3f7},
	lastchecked={10 December 2022},
	date= {28 September 2018},
	title = {{SEC} accuses {E}lon {M}usk of securities fraud},
	year={2018},
	urldate = {2018-09-28}
	}

@article{tetlock07,
	author={Paul C Tetlock},
	title={Giving Content to Investor Sentiment: The Role of Media in the Stock Market},
	journal={Journal of Finance},
	year={2007},
	volume={62},
	number={3},
	pages={1139--1168},
	url={https://onlinelibrary.wiley.com/doi/abs/10.1111/j.1540-6261.2007.01232.x}
}
	
@article{zheludev14,
	author = {Ilya Zheludev and Robert Smith and Tomaso Aste},
	journal = {Nature Scientific Reports},
	url= {https://doi.org/10.1038/srep04213},
	year={2014},
	number={4213},
	title = {When Can Social Media Lead Financial Markets?},
	urldate = {2022-10-28}
}

@article{ft22,
	author = {Dave Lee and Hannah Murphy and Tim Bradshaw and Cristina Criddle},
	journal = {The Financial Times},
	url= {https://www.ft.com/content/b0b49bc2-9d6e-4e0d-8962-a0f60185947c},
	lastchecked={10 December 2022},
	date= {28 October 2022},
	title = {Elon {M}usk’s {T}witter takeover saga: a timeline of tweets},
	year={2022},
	urldate = {2022-10-28}
	}

@article{long22,
	author = {Suwan(Cheng) Long and Brian Lucey and Ying Xie and Larisa Yarovaya},
	journal = {The Financial Review},
	url= {https://doi.org/10.1111/fire.12328},
	pages = {1--19},
	title = {{I} Just Like the Stock”: The Role of {R}eddit Sentiment in the {G}ame{S}top Share Rally},
	volume={43},
	year = {2022}}

@webpage{alphavantagedocs,
	author = {AlphaVantage},
	lastchecked = {9 December 2022},
	title = {Alpha{V}antage {API} Documentation},
	url = {https://www.alphavantage.co/documentation/)},
	year = {2022}
	}

@article{cotter15,
	author = {John Cotter and Richard Roll},
	journal = {Real Estate Economics},
	note = {https://doi.org/10.1111/1540-6229.12059},
	pages = {209-240},
	title = {Comparative Anatomy of Residential REITs and Private Real Estate Markets: Returns, Risks and Distributional Characteristics},
	url={https://www.jstor.org/stable/2350970},
	volume={43},
	year = {2015}}

@book{taleb07, 
	author={Nassim {N.} Taleb},
	publisher = {Penguin},
	title = {The Black Swan: The Impact of the Highly Improbable},
	year = {2007}
	}

@book{brown2000,
	author={Gerald {R.} Brown and George {A.} Matysiak},
	publisher = {Financial Times Prentice Hall},
	title = {Real Estate Investment: A Capital Market Approach},
	year = {2000}
	}

@article{mandelbrot63,
	author = {Benoit Mandelbrot},
	journal = {The Journal of Business},
	note = {},
	pages = {394--419},
	title = {The Variation of Certain Speculative Prices},
	url={https://www.jstor.org/stable/2350970},
	volume = {36},
	year = {1963}}

@webpage{rstatscorrplotdocs,
	author = {Taiyun Wei and Viliam Simko},
	lastchecked = {22 November 2020},
	month = {November},
	year={2021},
	title = {An Introduction to corrplot Package},
	url = {https://cran.r-project.org/web/packages/corrplot/vignettes/corrplot-intro.html}
	}

@webpage{wikivif,
	author={Wikipedia},
	lastchecked = {19 November 2022},
	title = {Variance Inflation Factor},
	url = {https://en.wikipedia.org/wiki/Variance\_inflation\_factor}
	}

@incollection{keynes37,
	author = {J {M} Keynes},
	booktitle = {The Collected Writings of John Maynard Keynes},
	pages = {109-23},
	publisher = {Macmillan, Cambridge University Press for the Royal Economic Society},
	title = {The General Theory of Employment},
	volume = {14},
	year = {1973}}

@book{lo97,
	author = {Campbell, John {Y} and Andrew {M.} Lo and {A.} {C}raig {M}ac{K}inlay},
	publisher = {Princeton University Press},
	title = {The Econometrics of Financial Markets},
	year = {1997}}

@book{bernstein92,
	author = {Bernstein, Peter {L}},
	publisher = {Free Press, New York},
	title = {Capital Ideas: The Improbable Origins of Modern Wall Street},
	year = {1992}}

@webpage{caretdocs,
	author = {Max Kuhn},
	lastchecked = {19 November 2022},
	month = {March},
	year={2020},
	title = {RDocumentation: caret (version 6.0-86) Classification and Regression Training},
	url = {https://www.rdocumentation.org/packages/caret/versions/6.0-86/topics/trainControl}
	}

@webpage{wikiredmond,
	author={Wikipedia},
	lastchecked = {16 November 2022},
	title = {Microsoft {R}edmond {C}ampus},
	url = {https://en.wikipedia.org/wiki/Microsoft Redmond campus}
	}

@webpage{wikiseattle,
	author={Wikipedia},
	lastchecked = {16 November 2022},
	title = {{S}eattle {P}ost-war years: {A}ircraft and software},
	url = {https://en.wikipedia.org/wiki/Seattle}
	}

@webpage{uat,
	author={Wikipedia},
	lastchecked = {16 November 2022},
	title = {Universal approximation theorem},
	url = {https://en.wikipedia.org/wiki/Universal approximation theorem}
	}

@webpage{caseshiller,
	author = {{S}\&{P} and {C}ase {S}hiller},
	lastchecked = {10 November 2022},
	month = {November},
	title = {S\&{P} {C}ase-{S}hiller {WA}-{S}eattle Home Price Index ({SEXRNSA})},
	url = {https://fred.stlouisfed.org/series/SEXRNSA},
	year = {2022}
	}

@webpage{geodadata,
	author = {University of Chicago Center for Spatial Data Science},
	lastchecked = {20 November 2022},
	month = {November},
	title = {2014--2015 {H}ome {S}ales in {K}ing {C}ounty, {WA}},
	url = {https://geodacenter.github.io/data-and-lab/KingCounty-HouseSales2015/},
	year = {2022}}

@electronic{zillowpr,
	author = {Zillow Media Relations},
	lastchecked = {20 November 2022},
	title = {Zillow Awards \$1 Million to Team that Built a Better {Z}estimate},
	url = {https://zillow.mediaroom.com/2019-01-30-Zillow-Awards-1-Million-to-Team-that-Built-a-Better-Zestimate},
	urldate = {30 January 2019}}

@webpage{geekwire,
	author = {Kurt Schlosser},
	lastchecked = {20 November 2022},
	title = {Zestimiss: Why did {CEO} {S}pencer {R}ascoff's home sell for 40\% less than {Z}illow estimate of \$1.75M?},
	url = {https://www.geekwire.com/2016/zillow-ceo-spencer-rascoff-sold-home-40-less-zestimate-1-75-million/},
	urldate = {23 May 2016}}

@webpage{wiredzillow,
	author = {Chris Stokel Walker},
	journal = {Wired},
	lastchecked = {20 November 2022},
	month = {November},
	title = {Why {Z}illow Couldn't Make Algorithmic House Pricing Work},
	url = {https://www.wired.com/story/zillow-ibuyer-real-estate/},
	urldate = {11 November 2021},
	year = {2021}}

@webpage{fed22,
	author = {Board of Governors of the Federal Reserve System},
	lastchecked = {20 November 2022},
	month = {November},
	title = {Financial Stability Report},
	url = {https://www.federalreserve.gov/publications/files/financial-stability-report-20221104.pdf},
	year = {2022}}

@book{Hastie21,
	address = {New York},
	author = {Gareth James and Daniela Witten and Trevor Hastie and Robert Tibshirani},
	date-added = {2022-11-22 18:33:52 +0000},
	date-modified = {2022-11-22 18:40:29 +0000},
	edition = {2},
	publisher = {Springer, New York},
	series = {Springer Texts in Statistics},
	title = {An Introduction to Statistical Learning with Applications in R},
	year = {2021}}

@book{Koza92,
	author = {John R Koza},
	publisher = {MIT Press},
	title = {Genetic Programming: On the Progrmming of Computers by Means of Natural Selection},
	year = {1992}}

@article{Gonzalez2008,
	author = {Marta C{.} Gonzalez and Cesar A{.} Hidalgo and Albert Laszlo Barabasi},
	journal = {Nature},
	note = {www.chidalgo.com/Papers/GonzalezHidalgoBarabasi2008.pdf},
	pages = {779-782},
	title = {Understanding individual human mobility patterns},
	volume = {453},
	year = {2008}}

@article{Schneider2013,
	author = {Christian M{.}Schneider and Vitaly Belik and Thomas Couronne and Zbigniew Smoreda and Marta C{.} Gonzalez},
	issue = {84},
	journal = {Journal of the Royal Society Interface},
	note = {humnetlab.mit.edu/wordpress/wp-content/uploads/2012/04/J.-R.-Soc.-Interface-2013-Schneider-.pdf},
	title = {Unravelling daily human mobility motifs},
	volume = {10},
	year = {2013}}

@article{Song2010,
	author = {Song, Qu, Blumm and Barabasi},
	journal = {Science},
	note = {barabasi.com/f/310.pdf},
	pages = {1018-1021},
	title = {Limits of Predictability in Human Mobility},
	volume = {327},
	year = {2010}}

@article{Lu2012,
	author = {Xin Lu and Linus Bengtsson and Petter Holme},
	journal = {Proceedings of the National Academy of Science of the USA},
	note = {http://www.pnas.org/content/109/29/11576.long},
	pages = {11576-81},
	title = {Population displacement after the 2010 {H}aiti earthquake},
	volume = {109},
	year = {2012}}

@article{Lu2013,
	author = {Xin Lu and Erik Wetter and Nita Bharti and Andrew J{.} Tatem and Linus Bengtsson},
	journal = {Nature Scientific Reports},
	note = {http://www.nature.com/articles/srep02923},
	title = {Approaching the Limit of Predictability in Human Mobility},
	year = {2013}}

@inproceedings{Frias2010,
	author = {Vanessa Frias-Martinez and Jesus Virseda and Alberto Rubio and Enrique Frias-Martinez},
	booktitle = {ICTD '10 Proceedings of the 4th ACM/IEEE International Conference on Information and Communication Technologies and Development},
	note = {www.vanessafriasmartinez.org/uploads/homedetection.pdf},
	publisher = {Association for Computing Machinery},
	title = {Towards Large Scale Technology Impact Analyses: Automatic Residential Localization from Mobile Phone-Call Data},
	year = {2010}}

@inproceedings{Isaacman2011,
	author = {Sibren Isaacman and Richard Becker and Ramon Caceres and Stephen Kobourov and Margaret Martonosi and James Rowland and Alexander Varshavsky},
	booktitle = {Pervasive Computing (2011)},
	note = {ftp.cs.arizona.edu/~kobourov/pervasive.pdf},
	publisher = {Springer Verlag, Berlin},
	title = {Identifying Important Places in People's Lives from Cellular Network Data},
	year = {2011}}

@inproceedings{Montjoye2013a,
	author = {Yves-Alexandre de Montjoye and Jordi Quoidbach and Florent Robic and Alex (Sandy) Pentland},
	booktitle = {International Conference on Social Computing, Behavioral-Cultural Modeling and Prediction, Washington, USA},
	note = {web.media.mit.edu/~yva/papers/deMontjoye2013predicting.pdf},
	title = {Predicting personality using novel mobile phone-based metrics},
	year = {2013}}

@article{Eagle2010,
	author = {Nathan Eagle and Macy and Claxton},
	issue = {5981},
	journal = {Science},
	note = {science.sciencemag.org/content/328/5981/1029.full},
	pages = {1029-1031},
	title = {Network Diversity and Economic Development},
	volume = {328},
	year = {2010}}

@article{Toole2015,
	author = {JL Toole and Y-R Lin and E Muehlegger and D Shoag and MC Gonzalez and D Lazer},
	journal = {Journal of the Royal Society Interface},
	note = {http://dx.doi.org/10.1098/rsif.2015.0185},
	title = {Tracking Employment Shocks Using Mobile Phone Data},
	volume = {12},
	year = {2015}}

@article{AdAge2015,
	author = {Kate Kaye},
	journal = {Advertising Age},
	note = {26 October},
	title = {The 24 Billion Dollar Data Business That Telcos Don't Want to Talk About: Mobile Carriers Are Working With Partners to Manage, Package and Sell Data},
	year = {2015}}

@article{Williams2015,
	author = {Oscar Williams},
	journal = {Guardian},
	note = {25 December 2015},
	title = {Hyde {P}ark visitors covertly tracked via mobile phone data},
	year = {2015}}

@book{Pentland2014,
	author = {Alex Pentland},
	publisher = {Penguin, New York},
	title = {Social Physics: How Good Ideas Spread -- The Lessons from a New Science},
	year = {2014}}

@incollection{Sundsoy2014,
	author = {Pal Sundsoy and Johannes Bjelland and Asif M Iqbal and Alex Sandy Pentland and Yves-Alexandre de Montjoye},
	booktitle = {Social Computing, Behavioral-Cultural Modeling and Prediction: Lecture Notes in Computer Science},
	note = {web.media.mit.edu/~yva/papers/sundsoy2014big.pdf},
	pages = {367-374},
	title = {Big Data--Driven Marketing: How machine learning outperforms marketers` gut-feeling},
	volume = {8393},
	year = {2014}}

@unpublished{Lemos2012,
	author = {Lemos \& Crane and Thames Reach},
	note = {www.thamesreach.org.uk/publications/research-reports/potential-for-empowering-homeless-people-through-digital-technology/},
	title = {The potential for empowering homeless people through digital technology: A preliminary literature review},
	year = {2013}}

@article{Rice2011,
	author = {Eric Rice, Alex Lee and Sean Taitt},
	journal = {Journal of Urban Health},
	note = {www.ncbi.nlm.nih.gov/pmc/articles/PMC3232411/},
	pages = {1175--1182},
	title = {Cell Phone Use among Homeless Youth: Potential for New Health Interventions and Research},
	volume = {88(6)},
	year = {2011}}

@article{Accan2013,
	author = {Justine Humphry},
	journal = {University of Sydney},
	note = {accan.org.au/grants/current-grants/619-homeless-and-connected-mobile-phones-and-mobile-internet-in-the-lives-of-families-and-young-people-experiencing-homelessness},
	title = {Homeless and Connected: Mobile phones and mobile internet in the lives of families and young people experiencing homelessness},
	year = {2013}}

@article{Clarke2015,
	author = {Anna Clarke and Gemma Burgess and Chihiro Udagawa and Sam Morris},
	journal = {Unversity of Cambridge, Cambridge Centre for Housing and Planning Research},
	note = {www.cchpr.landecon.cam.ac.uk/news/Estimating-scale-youth-homelessness-UK},
	title = {Estimating the {S}cale of {Y}outh {H}omelessness in the {UK}},
	year = {2015}}

@article{Eagle2009,
	author = {Nathan Eagle and Alex Sandy Pentland},
	journal = {Behavioural Ecology and Sociobiology},
	note = {realitycommons.media.mit.edu/pdfs/eigenbehaviors.pdf},
	pages = {1057--1066},
	title = {Eigenbehaviors: identifying structure in routine},
	volume = {63},
	year = {2009}}

@unpublished{Art29Geo,
	author = {Article 29 Working Party},
	note = {ec.europa.eu/justice/data-protection/article-29/documentation/opinion-recommendation/files/2011/wp185\_en.pdf},
	title = {Opinion 13/2011 on Geolocation services on smart mobile devices},
	year = {2011}}

@inproceedings{Eagle2009b,
	author = {Nathan Eagle},
	booktitle = {First International Forum on the Application and Management of Personal Electronic Information},
	note = {senseable.mit.edu/engagingdata/papers/ED \_SIII\_Engineering\_a\_Common\_Good.pdf},
	title = {Engineering a Common Good: Fair Use of Aggregated, Anonymized Behavioral Data},
	year = {2009}}

@unpublished{Art29Anon,
	author = {Article 29 Working Party},
	note = {ec.europa.eu/justice/data-protection/article-29/documentation/opinion-recommendation/files/2014/wp216\_en.pdf},
	title = {Opinion 05/2014 on Anonymisation Techniques}}

@article{Montjoye2013b,
	author = {Yves-Alexandre de Montjoye and Cesar A{.} Hidalgo and Michel Verleysen and Vincent D{.} Blondel},
	journal = {Nature Scientific Reports},
	note = {http://www.nature.com/articles/srep01376},
	title = {Unique in the Crowd: The privacy bounds of human mobility},
	volume = {3},
	year = {2013}}

@article{Sweeney2015,
	author = {Jinyan Zang and Krysta Dummit and James Graves and Paul Lisker and Latanya Sweeney},
	date = {October},
	journal = {Journal of Technology Science},
	note = {techscience.org/a/2015103001/},
	title = {Who Knows What About Me? {A} Survey of Behind the Scenes Personal Data Sharing to Third Parties by Mobile Apps},
	year = {2015}}

@book{ElEman2013,
	author = {Khaled El Emam and Luk Arbuckle},
	publisher = {O`Reilly, London},
	title = {Anonymizing Health Data},
	year = {2013}}

@unpublished{D4DREEP,
	author = {Orange and Institute of Business Ethics},
	note = {www.d4d.orange.com/fr/content/download/43823/426571/version/2/file/ D4D\_Challenge\_DEEP\_Report\_IBE.pdf},
	title = {{Data4D}evelopment {S}enegal: Report of the External Review Panel}}

@unpublished{D4DPRES,
	author = {Orange and {Data4Development}},
	note = {www.d4d.orange.com/en/presentation/endowment-and-panel/Folder/The-D4D-Challenge-is-a-great-success},
	title = {The {D4D} Challenge is a great success}}

@article{Fetzer2014,
	author = {Thiemo Fetzer},
	date = {November 12, 2014},
	journal = {Working Paper, Department of Economics, University of Warwick},
	note = {www.trfetzer.com/mobility-from-mobile-phones/},
	title = {Mobility from Mobile Phones},
	year = {2014}}

@unpublished{UKSA2015,
	author = {{UK} {S}tatistics {A}uthority},
	date = {10 December 2015},
	note = {www.statisticsauthority.gov.uk/wp-content/uploads/2015/12/images-assessmentreport320statisticsonhomelessnessandroughsleepinginenglan\_tcm97-45078.pdf},
	title = {Assessment of compliance with the {C}ode of {P}ractice for {O}fficial {S}tatistics: {S}tatistics on {H}omelessness and {R}ough {S}leeping in {E}ngland}}

@article{Cole2014,
	author = {David Cole},
	date = {10 May 2014},
	journal = {New York Review of Books blog},
	note = {www.nybooks.com/daily/2014/05/10/we-kill-people-based-metadata/},
	title = {We {K}ill {P}eople {B}ased on {M}etadata},
	year = {2015}}

@unpublished{CP2015,
	author = {Centrepoint},
	date = {September 2015},
	note = {centrepoint.org.uk/media/1690269/0054\_yhd\_report\_full\_v12.pdf},
	title = {Youth Homelessness Databank: Beyond Statutory Homelessness}}

@webpage{snscrape,
	author={JustAnotherArchivist},
	lastchecked = {11 December 2022},
	title = {Snscrape},
	url = {https://github.com/JustAnotherArchivist/snscrape}
	}

 @webpage{textblob,
	author={Usman Malik},
	lastchecked = {13 December 2022},
	title = {Python for NLP: Introduction to the TextBlob Library},
	url = {https://stackabuse.com/python-for-nlp-introduction-to-the-textblob-library/}
	}
 
 @webpage{praw,
	author={Bryce Boe},
	lastchecked = {11 December 2022},
	title = {PRAW: The Python Reddit API Wrapper},
	url = {https://praw.readthedocs.io/en/stable/}
	}

@webpage{event,
        author={A Padula and P Albuquerque},
        lastchecked = {12 December 2022},
        title = {Event Study},
        url = {https://lamfo-unb.github.io/2017/08/17/Teste-de-Eventos-en/}
        }

@webpage{mongodb,
	author={MongoDB},
	lastchecked = {11 December 2022},
	title = {Unstructured Data},
	url = {https://www.mongodb.com/unstructured-data}
	}

@webpage{pushshift,
	author={Stuck in the Matrix},
	lastchecked = {11 December 2022},
	title = {Pushshift rate limit info},
	url = {https://www.reddit.com/r/pushshift/comments/8ewz4o/pushshift_rate_limit_info/}
	}